@article{azuma1997survey,
  title={A survey of augmented reality},
  author={Azuma, R.T. and others},
  journal={Presence-Teleoperators and Virtual Environments},
  volume={6},
  number={4},
  pages={355--385},
  year={1997},
  publisher={Cambridge, MA: MIT Press, c1992-}
}

@mastersthesis{roberto2012mestrado,
    author={Roberto, R.A.},
    title={Desenvolvimento de sistema de realidade aumentada projetiva com aplicação em educação},
    school={Universidade Federal de Pernambuco},
    pages={11--15},
    year={2012},
    type={Dissertação de Mestrado}
}

@article{teichrieb2007survey,
  title={A survey of online monocular markerless augmented reality},
  author={Teichrieb, V. and Lima, J. and Apolin{\'a}rio, E. and Farias, T. and Bueno, M. and Kelner, J. and Santos, I.},
  journal={International Journal of Modeling and Simulation for the Petroleum Industry},
  volume={1},
  number={1},
  pages={1--7},
  year={2007}
}

@article{tgchico,
  title={Realidade Aumentada sem Marcadores Baseada em Arestas, Um Estudo de Caso},
  author={Sim{\~o}es, F.},
  journal={Trabalho de Gradua{\c{c}}{\~a}o, Universidade Federal de Pernambuco, Recife},
  year={2008}
}

@inproceedings{celine,
  title={Using multiple hypothesis in model-based tracking},
  author={Teuliere, C. and Marchand, E. and Eck, L.},
  booktitle={Robotics and Automation (ICRA), 2010 IEEE International Conference on},
  pages={4559--4565},
  year={2010},
  organization={IEEE}
}

online{cuda,
    author={NVIDIA CUDA site},
    title= {NVIDIA CUDA site},
    note={URL={http://www.nvidia.com/object/cuda_home_new.html}. Acessado em 25 de Janeiro de 2013},
    url={http://www.nvidia.com/object/cuda_home_new.html}
}

@misc{cuda,
    title={NVIDIA CUDA site},
    author={NVIDIA},
    year={2013},
    howpublished={\url{http://www.nvidia.com/object/cuda_home_new.html}},
    note={Acessado em 25 de Janeiro de 2013}
}
